@manual{MATLAB,
  address = {Natick, Massachusetts},
  organization = {The Mathworks, Inc.},
  title = {{MATLAB version 23.2.0.2380103 (R2023b) Update 1}},
  year = {2023},
}

@Article{Tidyverse,
    title = {Welcome to the {tidyverse}},
    author = {Hadley Wickham and Mara Averick and Jennifer Bryan and
      Winston Chang and Lucy D'Agostino McGowan and Romain François and
      Garrett Grolemund and Alex Hayes and Lionel Henry and Jim Hester
      and Max Kuhn and Thomas Lin Pedersen and Evan Miller and Stephan
      Milton Bache and Kirill Müller and Jeroen Ooms and David Robinson
      and Dana Paige Seidel and Vitalie Spinu and Kohske Takahashi and
      Davis Vaughan and Claus Wilke and Kara Woo and Hiroaki Yutani},
    year = {2019},
    journal = {Journal of Open Source Software},
    volume = {4},
    number = {43},
    pages = {1686},
    doi = {10.21105/joss.01686},
  }

@Manual{Package,
    title = {R: A Language and Environment for Statistical Computing},
    author = {{R Core Team}},
    organization = {R Foundation for Statistical Computing},
    address = {Vienna, Austria},
    year = {2023},
    url = {https://www.R-project.org/},
  }

@Article{ggsignif,
    title = {{ggsignif}: R Package for Displaying Significance Brackets for {'ggplot2'}},
    author = {Ahlmann-Eltze Constantin and Indrajeet Patil},
    year = {2021},
    journal = {PsyArxiv},
    url = {https://psyarxiv.com/7awm6},
    doi = {10.31234/osf.io/7awm6},
  }
